@mastersthesis{regelungstechnik:zellweger,
    author          = {Jakob Zellweger},
    title           = {Regelkreise und Regelungen},
    type            = {unver\"offentlichtes Vorlesungsskript},
    school          = {Fachhochschule Nordwestschweiz, Hochschule f\"ur Technik},
},
@mastersthesis{regelungstechnik:zellweger_short,
    author          = {Jakob Zellweger},
    title           = {Phasengang-Methode},
    type            = {unver\"offentlichtes Vorlesungsskript},
    school          = {Fachhochschule Nordwestschweiz, Hochschule f\"ur Technik},
    note            = {S. 103-114}
},
@mastersthesis{regelungstechnik:schumleon,
    author          = {W. Schumacher and W. Leonhard},
    title           = {Grundlagen der Regelungstechnik},
    school          = {Technische Universit\"at Braunschweig},
    year            = {2001},
    type            = {Vorlesungsskript},
},
@electronic{ref:chiens_tsn,
    note            = {[Stand: 23. M\"arz 2015]},
    year            = {2011},
    month           = {M\"arz},
    title           = {Reglereinstellung nach Chiens, Hrones, Reswick},
    organization    = {Tiroler  Schulnetz},
    url             = {http://mathematik.tsn.at/content/files1/CHR_mit_ohne_Ausgleich1344.pdf},
},
@electronic{ref:chiens_wiki,
    note            = {[Stand: 23. M\"arz 2015]},
    year            = {2015},
    month           = {M\"arz},
    title           = {Faustformelverfahren (Automatisierungstechnik)},
    organization    = {wikipedia.org},
    url             = {http://de.wikipedia.org/wiki/Faustformelverfahren_(Automatisierungstechnik)},
},
@electronic{ref:op_ros_zieg,
    note            = {[Stand: 23. M\"arz 2015]},
    year            = {1999},
    month           = {Jan},
    title           = {Anpassung eines Reglers an eine Regelstrecke -- Einstellregeln},
    organization    = {Universit\"at Leipzig},
    url             = {http://techni.chemie.uni-leipzig.de/reg/parcalchelp.html},
},
@mastersthesis{ref:pflichtenheft,
    author          = {Anita Rosengerger and Benjamin M\"uller and Manuel Suter and Florian Alber and Raphael Frey},
    title           = {Projekt 2: Pflichtenheft -- Fachlicher Teil},
    school          = {Fachhochschule Nordwestschweiz, Hochschule f\"ur Technik},
    type            = {Pflichtenheft f\"ur Projekt 2},
    year            = {2015},
    month           = {April},
},
