@article{regelungstechnik:zellweger,
    author          = {Jakob Zellweger},
    title           = {Regelkreise und Regelungen},
    note            = {Vorlesungsskript},
},
@article{regelungstechnik:zellweger_short,
    author          = {Jakob Zellweger},
    title           = {Phasengang-Methode},
    note            = {Kapitel aus Vorlesungsskript},
},
@article{regelungstechnik:schumleon,
    author          = {W. Schumacher and W. Leonhard},
    title           = {Grundlagen der Regelungstechnik},
    organisation    = {Technische Universit\"at Braunschweig},
    year            = {2001},
    note            = {Vorlesungsskript},
},
@electronic{ref:chiens_tsn,
    note            = {[Stand: 23. M\"arz 2015]},
    year            = {2011},
    month           = {M\"arz},
    title           = {Reglereinstellung nach Chiens, Hrones, Reswick},
    organisation    = {Tiroler  Schulnetz},
    url             = {http://mathematik.tsn.at/content/files1/CHR_mit_ohne_Ausgleich1344.pdf},
}
@electronic{ref:chiens_wiki,
    note            = {[Stand: 23. M\"arz 2015]},
    year            = {2015},
    month           = {M\"arz},
    title           = {Faustformelverfahren (Automatisierungstechnik)},
    organisation    = {wikipedia.org},
    url             = {http://de.wikipedia.org/wiki/Faustformelverfahren_(Automatisierungstechnik)},
}
@electronic{ref:op_ros_zieg,
    note            = {[Stand: 23. M\"arz 2015]},
    year            = {1999},
    month           = {Jan},
    title           = {Anpassung eines Reglers an eine Regelstrecke -- Einstellregeln},
    organisation    = {Universit\"at Leipzig},
    url             = {http://techni.chemie.uni-leipzig.de/reg/parcalchelp.html},
}
